@inproceedings {Zaharia2012,
author = {Matei Zaharia and Mosharaf Chowdhury and Tathagata Das and Ankur Dave and Justin Ma and Murphy McCauly and Michael J. Franklin and Scott Shenker and Ion Stoica},
title = {Resilient Distributed Datasets: A Fault-Tolerant Abstraction for In-Memory Cluster Computing},
booktitle = {Presented as part of the 9th USENIX Symposium on Networked Systems Design and Implementation (NSDI 12)},
year = {2012},
isbn = {978-931971-92-8},
address = {San Jose, CA},
pages = {15--28},
publisher = {USENIX},
}


@inproceedings{YunchaoGong:2011:IQP:2191740.2191779,
 author = {Yunchao Gong and Lazebnik, S.},
 title = {Iterative Quantization: A Procrustean Approach to Learning Binary Codes},
 booktitle = {Proceedings of the 2011 IEEE Conference on Computer Vision and Pattern Recognition},
 series = {CVPR '11},
 year = {2011},
 isbn = {978-1-4577-0394-2},
 pages = {817--824},
 numpages = {8},
 doi = {10.1109/CVPR.2011.5995432},
 acmid = {2191779},
 publisher = {IEEE Computer Society},
 address = {Washington, DC, USA},
 keywords = {canonical correlation analysis, iterative quantization, Procrustean approach, learning binary code, learning similarity, large-scale image collection, zero-centered binary hypercube, multiclass spectral clustering, unsupervised data embedding, PCA},
} 

@Article{Herve_PQ,
  author       = "Herv\'e J\'egou and Matthijs Douze and Cordelia Schmid",
  title        = "Product quantization for nearest neighbor search",
  journal      = "IEEE Transactions on Pattern Analysis \& Machine Intelligence",
  number       = "1",
  volume       = "33",
  pages        = "117--128",
  month        = "jan",
  year         = "2011"
}

@inproceedings{Silpa-AnanH08,
  added-at = {2014-07-31T00:00:00.000+0200},
  author = {Silpa-Anan, Chanop and Hartley, Richard},
  biburl = {http://www.bibsonomy.org/bibtex/210a312b65b0f1b9c4870cacc4168f9e3/dblp},
  booktitle = {CVPR},
  interhash = {68ae4d26e61aff22eae49a06b8a1d3f5},
  intrahash = {10a312b65b0f1b9c4870cacc4168f9e3},
  isbn = {978-1-4244-2242-5},
  keywords = {dblp},
  publisher = {IEEE Computer Society},
  timestamp = {2015-04-28T16:36:53.000+0200},
  title = {Optimised KD-trees for fast image descriptor matching.},
  year = 2008
}
@inproceedings{muja_flann_2009,
  author    = {Marius Muja and David G. Lowe},
  title     = {Fast Approximate Nearest Neighbors with Automatic Algorithm Configuration},
  booktitle = {International Conference on Computer Vision Theory and Application 
               VISSAPP'09)},
  publisher = {INSTICC Press},
  year      = {2009},
  pages     = {331-340}
}
@InProceedings{Iwamura_2013_ICCV,
author = {Iwamura, Masakazu and Sato, Tomokazu and Kise, Koichi},
title = {What is the Most Efficient Way to Select Nearest Neighbor Candidates for Fast Approximate Nearest Neighbor Search?},
booktitle = {The IEEE International Conference on Computer Vision (ICCV)},
month = {December},
year = {2013}
}

@inproceedings{Nister:2006,
 author = {Nister, David and Stewenius, Henrik},
 title = {Scalable Recognition with a Vocabulary Tree},
 booktitle = {Proceedings of the 2006 IEEE Computer Society Conference on Computer Vision and Pattern Recognition - Volume 2},
 series = {CVPR '06},
 year = {2006},
 isbn = {0-7695-2597-0},
 pages = {2161--2168},
 numpages = {8},
 doi = {10.1109/CVPR.2006.264},
 acmid = {1153548},
 publisher = {IEEE Computer Society},
 address = {Washington, DC, USA},
} 

@inproceedings{WeissTF08,
  author = {Weiss, Yair and Torralba, Antonio and Fergus, Robert},
  biburl = {http://www.bibsonomy.org/bibtex/21fd967f55a8a4a6111c5b0455b208de2/dblp},
  booktitle = {NIPS},
  editor = {Koller, Daphne and Schuurmans, Dale and Bengio, Yoshua and Bottou, LÃ©on},
  interhash = {9527355196423dbd012e6f91382130e9},
  intrahash = {1fd967f55a8a4a6111c5b0455b208de2},
  keywords = {dblp},
  pages = {1753-1760},
  publisher = {Curran Associates, Inc.},
  timestamp = {2015-04-28T14:13:26.000+0200},
  title = {Spectral Hashing.},
  year = 2008
}


@inproceedings{BabenkoL12,
  author = {Babenko, Artem and Lempitsky, Victor S.},
  biburl = {http://www.bibsonomy.org/bibtex/25386c3ef3b6629bde4c5e10fef1743f7/dblp},
  booktitle = {CVPR},
  interhash = {7b4f3a2d929945079e61a6f8e070a2c7},
  intrahash = {5386c3ef3b6629bde4c5e10fef1743f7},
  isbn = {978-1-4673-1226-4},
  keywords = {dblp},
  pages = {3069-3076},
  publisher = {IEEE Computer Society},
  timestamp = {2015-04-28T16:33:40.000+0200},
  title = {The inverted multi-index.},
  year = 2012
}

@inproceedings{Norouzi13,  
  author = {Mohammad Norouzi and Fleet, David J.},
  biburl = {http://www.bibsonomy.org/bibtex/249278deef3a6c26e1f65bae888af00a4/dblp},
  booktitle = {CVPR},
  interhash = {11614b6d1112a369b258ee77c9297d41},
  intrahash = {49278deef3a6c26e1f65bae888af00a4},
  keywords = {dblp},
  pages = {3017-3024},
  publisher = {IEEE},
  timestamp = {2013-10-18T11:36:13.000+0200},
  title = {Cartesian K-Means.},
  year = 2013
}

